@misc{OMGSysML,
    key           = "OMGSysML",
    title         = "{Systems Modeling Language}",
    author		  = "{Object Management Group}",
    year          = "2013",
    month         = "September",
    howpublished  = "\url{http://www.omgsysml.org/}"
}
@misc{OMGSysMLSpecification,
    key           = "OMGSysMLSpecification",
    title         = "{Systems Modeling Language Specification}",
    author		  = "{Object Management Group}",
    year          = "2012",
    month         = "April",
    howpublished  = "\url{http://www.omg.org/spec/SysML/1.3/}"
}

@misc{OMGUMLSpecification,
    key           = "OMGUMLSpecification",
    title         = "{Unified Modeling Language Specification}",
    author		  = "{Object Management Group}",
    year          = "2011",
    month         = "August",
    howpublished  = "\url{http://www.omg.org/spec/UML/2.4.1/}"
}

@misc{UMLprofiled,
    key           = "UMLprofiled",
    title         = "{UML Profile Diagrams}",
    author		  = "{UML Diagrams}",
    year          = "2013",
    month         = "September",
    howpublished  = "\url{http://www.uml-diagrams.org/profile-diagrams.html}"
}

@misc{Wik13_1,
    key           = "Wik13_1",
    title         = "{Unified Modeling Language}",
    author		  = "{Wikipedia}",
    year          = "2013",
    month         = "September",
    howpublished  = "\url{http://en.wikipedia.org/wiki/Unified_Modeling_Language}"
}

@misc{Wik13_2,
    key           = "Wik13_2",
    title         = "{UML Class diagram}",
    author		  = "{Wikipedia}",
    year          = "2013",
    month         = "September",
    howpublished  = "\url{http://en.wikipedia.org/wiki/Class_diagram}"
}

@misc{Wik13_3,
    key           = "Wik13_3",
    title         = "{System Modeling Language}",
    author		  = "{Wikipedia}",
    year          = "2013",
    month         = "September",
    howpublished  = "\url{http://en.wikipedia.org/wiki/Sysml}"
}

@misc{Wik13_4,
    key           = "Wik13_4",
    title         = "{Graph rewriting}",
    author		  = "{Wikipedia}",
    year          = "2013",
    month         = "September",
    howpublished  = "\url{http://en.wikipedia.org/wiki/Graph_rewriting}"
}



@misc{Henshin,
    key           = "Henshin",
    title         = "{Henshin}",
    author		  = "{Henshin Developers}",
    year          = "2013",
    month         = "September",
    howpublished  = "\url{http://www.eclipse.org/henshin/}"
}
@misc{Eclipse,
    key           = "Eclipse",
    title         = "{Eclipse}",
    author		  = "{Eclipse Foundation}",
    year          = "2013",
    month         = "September",
    howpublished  = "\url{http://www.eclipse.org}"
}
@misc{SiDiffURL,
    key           = "SiDiffURL",
    title         = "{SiDiff}",
    author		  = "{Software Engineering Group}",
    year          = "2013",
    month         = "September",
    howpublished  = "\url{http://www.sidiff.org}"
}

@misc{SiLiftURL,
    key           = "SiLiftURL",
    title         = "{SiLift}",
    author		  = "{Software Engineering Group}",
    year          = "2013",
    month         = "September",
    howpublished  = "\url{http://pi.informatik.uni-siegen.de/Projekte/SiLift}"
}

@misc{SEGURL,
    key           = "SEGURL",
    title         = "{Software Engineering Group}",
    author		  = "{University of Siegen}",
    year          = "2013",
    month         = "September",
    howpublished  = "\url{http://pi.informatik.uni-siegen.de/}"
}

@misc{SERGEURL,
    key           = "SERGEURL",
    title         = "{SERGe}",
    author		  = "{University of Siegen}",
    year          = "2013",
    month         = "September",
    howpublished  = "\url{http://pi.informatik.uni-siegen.de/mrindt/SERGe.php}"
}

@misc{EcoreURL,
    key           = "EcoreURL",
    title         = "{Ecore}",
    author		  = "{Ecore JavaDoc}",
    year          = "2013",
    month         = "September",
    howpublished  = "\url{http://download.eclipse.org/modeling/emf/emf/javadoc/2.9.0/org/eclipse/emf/ecore/package-summary.html#details}"
}

@misc{PapyrusURL,
    key           = "PapyrusURL",
    title         = "{Papyrus modeling tool}",
    author		  = "{Eclipse}",
    year          = "2013",
    month         = "September",
    howpublished  = "\url{http://www.eclipse.org/papyrus/}"
}


@inproceedings{KellerWN05,
  author    = {Udo Kelter and
               J{\"u}rgen Wehren and
               J{\"o}rg Niere},
  title     = {A Generic Difference Algorithm for {UML} Models},
  booktitle = {Software Engineering},
  year      = {2005},
  pages     = {105-116},
  ee        = {http://subs.emis.de/LNI/Proceedings/Proceedings64/article3637.html}
}

@incollection{henshinpublication,
year={2010},
isbn={978-3-642-16144-5},
booktitle={Model Driven Engineering Languages and Systems},
volume={6394},
series={Lecture Notes in Computer Science},
doi={10.1007/978-3-642-16145-2_9},
title={Henshin: Advanced Concepts and Tools for In-Place EMF Model Transformations},
publisher={Springer Berlin},
author={Arendt, Thorsten and Biermann, Enrico and Jurack, Stefan and Krause, Christian and Taentzer, Gabriele},
pages={121-135}
}


@MastersThesis{kochThesis,
  author = 	 {Koch, Dennis},
  title = 	 {Anwendung von konsistenzerhaltenden {P}atches in der modellgetriebenen {S}oftwareentwicklung},
  school = 	 {University of Siegen},
  year = 	 {2013}
  }

@book{rozenberg1997handbook,
  title={Handbook of Graph Grammars and Computing by Graph: Foundations},
  author={Rozenberg, G.},
  isbn={9789810228842},
  year={1997},
  publisher={World Scientific Pub}
}
  
 @book{UMLNutshell,
  title={{UML} 2.0 in a Nutshell},
  author={Pilone, D. and Pitman, N.},
  isbn={9780596007959},
  lccn={2006530121},
  series={In a Nutshell (o'Reilly) Series},
  year={2005},
  publisher={O'Reilly Media}
}
  
  @book{SysMLEngineering,
  title={Systems Engineering with {SysML}/{UML}: Modeling, Analysis, Design},
  author={Weilkiens, T.},
  isbn={9780080558318},
  series={The MK/OMG Press},
  year={2011},
  publisher={Elsevier Science}
}
  



@INPROCEEDINGS{modelevolutionlifting,
author={Kehrer, T. and Kelter, U. and Ohrndorf, M. and Sollbach, T.},
booktitle={Software Maintenance (ICSM), 2012 28th IEEE International Conference on},
title={Understanding model evolution through semantically lifting model differences with {SiLift}},
year={2012},
pages={638-641},
keywords={graph theory;software engineering;software tools;EMF-based models;SiLift;abstract syntax graph;generic tool environment;graph operations;model differences;model evolution;model-based software development;model-based system;user-level edit operations;Adaptation models;Conferences;Engines;Semantics;Software;Software engineering;Unified modeling language;difference presentation;model comparison;model difference;semantic lifting},
doi={10.1109/ICSM.2012.6405342},
ISSN={1063-6773},}

@INPROCEEDINGS{rulebaseapproach,
author={Kehrer, Timo and Kelter, U. and Taentzer, G.},
booktitle={Automated Software Engineering (ASE), 2011 26th IEEE/ACM International Conference on},
title={A rule-based approach to the semantic lifting of model differences in the context of model versioning},
year={2011},
pages={163-172},
keywords={configuration management;knowledge based systems;software engineering;Eclipse modeling framework;low-level differences;model versioning;model-based software engineering;rule-based model transformation engine;semantic lifting;Computational modeling;Context;Context modeling;Pattern recognition;Runtime;Semantics;Unified modeling language},
doi={10.1109/ASE.2011.6100050},
ISSN={1938-4300}
}

@inproceedings{kochpatchen,
title={Patchen von {M}odellen},
author={Kelter, Udo and Kehrer, Timo and Koch, Dennis},
year={2013},
pages={171-184},
series={Lecture Notes in Informatics},
volume={213},
location={Bonn, Germany},
booktitle={Software Engineering 2013, Fachtagung des GI-Fachbereichs Softwaretechnik},
}

@InProceedings{aiscasestudy,
  author = 	 {Legat, C. and Folmer, J. and Vogel-Heuser, B.},
  title = 	 {Evolution in Industrial Plant Automation: A Case Study},
 booktitle = {Proceedings of the 39th Annual Conference of the IEEE Industrial Electronics Society},
 series = {IECON '13},
 year = {2013},
 location = {Vienna, Austria}
}
