
@inproceedings{KeKT2011ASE,
  author = {Timo Kehrer and Udo Kelter and Gabriele Taentzer},
  title = {A Rule-Based Approach to the Semantic Lifting of Model Differences in the Context of Model Versioning},
  booktitle = {ASE 2011: Proc. 26th IEEE/ACM Intl. Conf. Automated Software Engineering},
  year = {2011}
}

@inproceedings{MDA,
  author = {Joaquin Miller and Jishnu Mukerji},
  title = {MDA Guide Version 1.0.1},
  booktitle = {Object Management Group},
  year = {2003}
}

@proceedings{MOF,
  title = {OMG Meta Object Facility (MOF) Core Specification Version 2.4.1},
  publisher = {Object Management Group},
  year = {2011}
}

@inproceedings{Arendt2010,
  author = {Thorsten Arendt and Enrico Biermann and Stefan Jurack and Christian Krause and Gabriele Taentzer},
  title = {Henshin: Advanced Concepts and Tools for In-Place EMF Model Transformations},
  booktitle = {MoDELS 2010: Proceedings of the 13th Int. Conference on Model Driven Engineering Languages and Systems},
  year = {2010}
}

@inproceedings{BES10,
  author = {Enrico Biermann and Claudia Ermel and Johann Schmidt and Angeline Warning},
  title = {Visual Modeling of Controlled EMF Model Transformation using Henshin},
  booktitle = {GraBaTs 2010: Proceedings of the Fourth International Workshop on Graph-Based Tools},
  year = {2010}
}

@inproceedings{TJF09,
  author = {Massimo Tisi and Fr\'{e}d\'{e}ric Jouault and Piero Fraternali and Stefano Ceri and Jean B\'{e}zivin},
  title = {On the Use of Higher-Order Model Transformations},
  booktitle = {Proceedings of the 5th European Conference on Model-Driven Architecture Foundations and Applications (ECMDA)},
  pages = {18--33},
  publisher = {Springer},
  year = {2009}
}

@inproceedings{KPRP2009,
  author = {Dimitrios S. Kolovos and Alfonso Pierantonio and Davide Di Ruscio and Richard F. Paige},
  title = {Different Models for Model Matching},
  booktitle = {IEEE 2009: Proc. Intl. ICSE Workshop on Comparison and Versioning of Software Models},
  year = {2009}
}

@inproceedings{W2010,
  author = {Gerd Wierse},
  title = {A Catalog of Modeling Patterns for the Unified Modeling Language},
  booktitle = {DFG: Systematische Entwicklung komplexer Software in verteilten Teams},
  year = {2010}
}

@inproceedings{LE09,
  author = {Lars Bendix and Pär Emanuelsson},
  title = {Collaborative Work with Software Models – Industrial Experience and Requirements},
  booktitle = {Proc. Intl. Conf. Model-Based Systems Engineering},
  year = {2009}
}

@conference{EMFCon,
  author = {Vladimir Bacvanski and Petter Graff},
  title = {Mastering Eclipse Modeling Framework},
  booktitle = {EclipseCon 2005},
  publisher = {InferData Ltd.},
  year = {2005}
}

@book{MDSD,
  author = {Georg Pietrek and Jens Trompeter and Benedikt Niehues and Thorsten Kamann and Boris Holzer and Michael Kloss and Karsten Thoms and Juan Carlos Flores Beltran and Steffen Mork},
  publisher={Georg Pietrek and Jens Trompeter },
  title = {Modellgetriebene Softwareentwicklung. MDA und MDSD in der Praxis},
  year = {2007}
}

@book{GPR06,
  author = {Volker Gruhn and Daniel Pieper and Carsten Röttgers},
  publisher={Springer},
  title = {MDA: Effektives Softwareengineering mit UML2 und Eclipse},
  year = {2006}
}

@booklet{SBPM2009,
  author = {Dave Steinberg and Frank Budinsky and Marcelo Paternostro and Ed Merks},
  title = {Eclipse Modeling Framework, Second Edition},
  year = {2009}
}

@booklet{ERCP2011,
  author = {Ralf Ebert},
  title = {Eclipse RCP},
  year = {2011}
}

@misc{SiDiff,
  title={\url{http://www.sidiff.org}},
  year={2011}
}

@misc{ERe,
  title={\url{http://www.eclipse.org/modeling/emft/refactor/}},
  year={2012}
}

@misc{EMF,
  title={\url{http://www.eclipse.org/modeling/emf/}},
  year={2012}
}

@misc{RIHNO,
  title={\url{http://www.mozilla.org/rhino/}},
  year={2012}
}

@misc{HENSHIN,
  title={\url{http://www.eclipse.org/modeling/emft/henshin/}},
  year={2012}
}






