@misc{OMGSysML,
    key           = "OMGSysML",
    title         = "{Systems Modeling Language}",
    author		  = "{Object Management Group}",
    year          = "2013",
    month         = "September",
    howpublished  = "\url{http://www.omgsysml.org/}"
}
@misc{OMGSysMLSpecification,
    key           = "OMGSysMLSpecification",
    title         = "{Systems Modeling Language Specification}",
    author		  = "{Object Management Group}",
    year          = "2012",
    month         = "April",
    howpublished  = "\url{http://www.omg.org/spec/SysML/1.3/}"
}

@misc{UMLprofiled,
    key           = "UMLprofiled",
    title         = "{UML Profile Diagrams}",
    author		  = "{UML Diagrams}",
    year          = "2013",
    month         = "September",
    howpublished  = "\url{http://www.uml-diagrams.org/profile-diagrams.html}"
}

@inproceedings{kochpatchen,
title={Patchen von {M}odellen},
author={Kelter, Udo and Kehrer, Timo and Koch, Dennis},
year={2013},
pages={171-184},
series={Lecture Notes in Informatics},
volume={213},
location={Bonn, Germany},
booktitle={Software Engineering 2013, Fachtagung des GI-Fachbereichs Softwaretechnik},
}

@InProceedings{aiscasestudy,
  author = 	 {Legat, C. and Folmer, J. and Vogel-Heuser, B.},
  title = 	 {Evolution in Industrial Plant Automation: A Case Study},
 booktitle = {Proceedings of the 39th Annual Conference of the IEEE Industrial Electronics Society},
 series = {IECON '13},
 year = {2013},
 location = {Vienna, Austria}
}
